@book{hairer1993solving,
    title     = {Solving Ordinary Differential Equations I: Nonstiff Problems},
    author    = {Hairer, E. and NÃ¸rsett, S. P. and Wanner, G.},
    year      = {1993},
    series    = {Springer Series in Computational Mathematics},
    publisher = {Springer}
}

@book{hairer1996solving,
    title     = {Solving Ordinary Differential Equations II: Stiff and Differential-Algebraic Problems},
    author    = {Hairer, E. and Wanner, G.},
    year      = {1996},
    series    = {Springer Series in Computational Mathematics},
    publisher = {Springer}
}

@book{quarteroni2008numerical,
    title     = {Numerical Mathematics},
    author    = {Quarteroni, A. and Sacco, R. and Saleri, F.},
    year      = {2008},
    edition   = {2nd},
    publisher = {Springer},
    note      = {Includes sections on numerical methods for differential equations}
}

@book{nocedalwright2006numerical,
    author = {Nocedal, Jorge and Wright, Stephen},
    title = {Numerical Optimization},
    publisher = {Springer Science \& Business Media},
    year = {2006},
    series = {Springer Series in Operations Research and Financial Engineering},
    edition = {2}
}